@book{perahia2013,
	author = {Perahia, Eldad and Stacey, Robert},
	title = {Next Generation Wireless LANs: 802.11N and 802.11Ac},
	year = {2013},
	isbn = {1107016762, 9781107016767},
	edition = {2nd},
	publisher = {Cambridge University Press},
	address = {New York, NY, USA},
}


@inproceedings{gollakota2008,
	author = {Gollakota, Shyamnath and Katabi, Dina},
	title = {Zigzag Decoding: Combating Hidden Terminals in Wireless Networks},
	booktitle = {Proceedings of the ACM SIGCOMM 2008 Conference on Data Communication},
	series = {SIGCOMM '08},
	year = {2008},
	isbn = {978-1-60558-175-0},
	location = {Seattle, WA, USA},
	pages = {159--170},
	numpages = {12},
	doi = {10.1145/1402958.1402977},
	acmid = {1402977},
	publisher = {ACM},
	address = {New York, NY, USA},
	keywords = {hidden terminals, interference cancellation, wireless},
}


@ARTICLE{bianchi2000, 
	author={G. Bianchi}, 
	journal={IEEE Journal on Selected Areas in Communications}, 
	title={Performance analysis of the IEEE 802.11 distributed coordination function}, 
	year={2000}, 
	volume={18}, 
	number={3}, 
	pages={535-547}, 
	keywords={IEEE standards;carrier sense multiple access;packet radio networks;standardisation;telecommunication standards;wireless LAN;CSMA/CA;DCF;IEEE 802.11 distributed coordination function;IEEE 802.11 protocol;MAC;analytical model;binary slotted exponential backoff;carrier sense multiple access;collision avoidance;ideal channel conditions;medium access control;packet transmission;performance analysis;standardization;terminals;threshold;throughput performance evaluation;wireless local area networks;Access protocols;Analytical models;Collision avoidance;Media Access Protocol;Multiaccess communication;Performance analysis;Physical layer;Throughput;Wireless LAN;Wireless application protocol}, 
	doi={10.1109/49.840210}, 
	ISSN={0733-8716}, 
	month={March},
}